<?xml version="1.0" encoding="utf-8"?>
<record xmlns="http://www.loc.gov/MARC21/slim" xmlns:xsi="http://www.w3.org/2001/XMLSchema-instance" xsi:schemaLocation="http://www.loc.gov/MARC21/slim http://www.loc.gov/standards/marcxml/schema/MARC21slim.xsd">
	<leader>
		03085nam a2200457   4500
	</leader>
	<controlfield tag="001">
		1670935
	</controlfield>
	<controlfield tag="003">
		NIC
	</controlfield>
	<controlfield tag="006">
		m        d        
	</controlfield>
	<controlfield tag="007">
		cr cn |||m|||a
	</controlfield>
	<controlfield tag="008">
		160224s1955    ua      ob    001 0caraod
	</controlfield>
	<datafield ind1=" " ind2=" " tag="040">
		<subfield code="a">
			NNU
		</subfield>
		<subfield code="b">
			eng
		</subfield>
		<subfield code="e">
			rda
		</subfield>
		<subfield code="c">
			NNU
		</subfield>
	</datafield>
	<datafield ind1=" " ind2=" " tag="043">
		<subfield code="a">
			a------
		</subfield>
	</datafield>
	<datafield ind1=" " ind2="4" tag="050">
		<subfield code="a">
			DS38.4.A2
		</subfield>
		<subfield code="b">
			M37 1955
		</subfield>
	</datafield>
	<datafield ind1="1" ind2=" " tag="100">
		<subfield code="6">
			880-01
		</subfield>
		<subfield code="a">
			Maqrīzī, Aḥmad ibn ʻAlī,
		</subfield>
		<subfield code="d">
			1364-1442.
		</subfield>
	</datafield>
	<datafield ind1="1" ind2="3" tag="245">
		<subfield code="6">
			880-02
		</subfield>
		<subfield code="a">
			al-Dhahab al-masbūk fī dhikr man ḥajja min al-khulafāʼ wa-al-mulūk /
		</subfield>
		<subfield code="c">
			taʼlīf Taqī al-Dīn Aḥmad ibn ʻAlī al-Maqrīzī ; nasharahu li-awwal marrah ʻan makhṭūṭāt al-Uskūryāl wa-Istanbūl wa-Bārīs wa-ḥaqqaqahu wa-ʻallaqa ḥwāshīyahu wa-qaddama lahu wa-waḍaʻa fahārisahu Jamāl al-Dīn al-Shayyāl.
		</subfield>
	</datafield>
	<datafield ind1=" " ind2=" " tag="260">
		<subfield code="6">
			880-03
		</subfield>
		<subfield code="a">
			Miṣr :
		</subfield>
		<subfield code="b">
			Maktabat al-Khānjī ;
		</subfield>
		<subfield code="a">
			Baghdād :
		</subfield>
		<subfield code="b">
			Maktabat al-Muthanná,
		</subfield>
		<subfield code="c">
			1955.
		</subfield>
	</datafield>
	<datafield ind1=" " ind2=" " tag="300">
		<subfield code="a">
			online resource (32, [1], 164 pages)
		</subfield>
	</datafield>
	<datafield ind1=" " ind2=" " tag="336">
		<subfield code="a">
			text
		</subfield>
		<subfield code="2">
			rdacontent
		</subfield>
	</datafield>
	<datafield ind1=" " ind2=" " tag="337">
		<subfield code="a">
			computer
		</subfield>
		<subfield code="2">
			rdamedia
		</subfield>
	</datafield>
	<datafield ind1=" " ind2=" " tag="338">
		<subfield code="a">
			online resource
		</subfield>
		<subfield code="2">
			rdacarrier
		</subfield>
	</datafield>
	<datafield ind1="0" ind2=" " tag="490">
		<subfield code="6">
			880-04
		</subfield>
		<subfield code="a">
			Maktabat al-Maqrīzī al-ṣaghīrah ;
		</subfield>
		<subfield code="v">
			3
		</subfield>
	</datafield>
	<datafield ind1=" " ind2=" " tag="500">
		<subfield code="a">
			Part of the Arabic Collections Online (ACO) project, contributed by Cornell University Libraries.
		</subfield>
	</datafield>
	<datafield ind1=" " ind2=" " tag="504">
		<subfield code="a">
			Includes bibliographical references (pages 27-33 (1st group))-and indexes.
		</subfield>
	</datafield>
	<datafield ind1=" " ind2=" " tag="533">
		<subfield code="a">
			Electronic reproduction.
		</subfield>
		<subfield code="b">
			New York, N.Y. :
		</subfield>
		<subfield code="c">
			New York University,
		</subfield>
		<subfield code="d">
			2016.
		</subfield>
		<subfield code="5">
			NNU
		</subfield>
	</datafield>
	<datafield ind1=" " ind2="0" tag="651">
		<subfield code="a">
			Islamic Empire
		</subfield>
		<subfield code="x">
			Kings and rulers
		</subfield>
		<subfield code="v">
			Biography.
		</subfield>
	</datafield>
	<datafield ind1=" " ind2="7" tag="650">
		<subfield code="a">
			Kings and rulers.
		</subfield>
		<subfield code="2">
			fast
		</subfield>
		<subfield code="0">
			(OCoLC)fst00987694
		</subfield>
	</datafield>
	<datafield ind1=" " ind2="7" tag="651">
		<subfield code="a">
			Islamic Empire.
		</subfield>
		<subfield code="2">
			fast
		</subfield>
		<subfield code="0">
			(OCoLC)fst01244134
		</subfield>
	</datafield>
	<datafield ind1=" " ind2="7" tag="655">
		<subfield code="a">
			Biography.
		</subfield>
		<subfield code="2">
			fast
		</subfield>
		<subfield code="0">
			(OCoLC)fst01423686
		</subfield>
	</datafield>
	<datafield ind1="1" ind2=" " tag="700">
		<subfield code="6">
			880-05
		</subfield>
		<subfield code="a">
			Shayyāl, Jamāl al-Dīn.
		</subfield>
	</datafield>
	<datafield ind1="2" ind2=" " tag="710">
		<subfield code="a">
			Cornell University.
		</subfield>
		<subfield code="b">
			Libraries.
		</subfield>
	</datafield>
	<datafield ind1="0" ind2=" " tag="730">
		<subfield code="a">
			Arabic Collections Online.
		</subfield>
	</datafield>
	<datafield ind1="0" ind2="8" tag="776">
		<subfield code="i">
			Online version:
		</subfield>
		<subfield code="a">
			Maqrīzī, Aḥmad ibn ʻAlī, 1364-1442.
		</subfield>
		<subfield code="t">
			Dhahab al-masbūk fī dhikr man ḥajja min al-khulafāʼ wa-al-mulūk.
		</subfield>
		<subfield code="d">
			Miṣr : Maktabat al-Khānjī ; Baghdād : Maktabat al-Muthanná, 1955
		</subfield>
		<subfield code="w">
			(OCoLC)654602243
		</subfield>
	</datafield>
	<datafield ind1="0" ind2="8" tag="776">
		<subfield code="i">
			Print version:
		</subfield>
		<subfield code="a">
			Maqrīzī, Aḥmad ibn ʻAlī, 1364-1442.
		</subfield>
		<subfield code="t">
			al-Dhahab al-masbūk fī dhikr man ḥajja min al-khulafāʼ wa-al-mulūk
		</subfield>
		<subfield code="w">
			(NIC)1670935
		</subfield>
		<subfield code="w">
			(OCoLC)18969205
		</subfield>
	</datafield>
	<datafield ind1="4" ind2="0" tag="856">
		<subfield code="u">
			http://hdl.handle.net/2333.1/34tmpkd6
		</subfield>
	</datafield>
	<datafield ind1="1" ind2=" " tag="880">
		<subfield code="6">
			100-01/r
		</subfield>
		<subfield code="a">
			مقريزي، احمد بن علي،
		</subfield>
		<subfield code="d">
			1364-1442.
		</subfield>
	</datafield>
	<datafield ind1="1" ind2="2" tag="880">
		<subfield code="6">
			245-02/r
		</subfield>
		<subfield code="a">
			الذهب المسبوك فى ذكر من حج من الخلفاء والملوك /
		</subfield>
		<subfield code="c">
			تأليف تقي الدين أحمد بن على المقريزى ؛ نشره لأول مرة عن مخطوطات الاسكوريال واستنبول وباريس وحققه وعلق حواشيه وقدم له ووضع فهارسه جمال الدين الشيال.
		</subfield>
	</datafield>
	<datafield ind1=" " ind2=" " tag="880">
		<subfield code="6">
			260-03/r
		</subfield>
		<subfield code="a">
			مصر :
		</subfield>
		<subfield code="b">
			مكتبة الخانجى ؛
		</subfield>
		<subfield code="a">
			بغداد :
		</subfield>
		<subfield code="b">
			مكتبة المثنى،
		</subfield>
		<subfield code="c">
			١٩٥٥.
		</subfield>
	</datafield>
	<datafield ind1="0" ind2=" " tag="880">
		<subfield code="6">
			490-04/r
		</subfield>
		<subfield code="a">
			مكتبة المقريزى الصغيرة ؛
		</subfield>
		<subfield code="v">
			٣
		</subfield>
	</datafield>
	<datafield ind1="1" ind2=" " tag="880">
		<subfield code="6">
			700-05/r
		</subfield>
		<subfield code="a">
			شيال، جمال الدين.
		</subfield>
	</datafield>
	<datafield ind1=" " ind2=" " tag="959">
		<subfield code="a">
			NNU
		</subfield>
		<subfield code="b">
			WEB
		</subfield>
		<subfield code="c">
			GENI
		</subfield>
		<subfield code="t">
			0
		</subfield>
		<subfield code="m">
			Electronic access
		</subfield>
		<subfield code="s">
			01
		</subfield>
	</datafield>
	<datafield ind1=" " ind2=" " tag="999">
		<subfield code="i">
			NIC_1670935
		</subfield>
		<subfield code="o">
			(OCoLC)ocm18969205
		</subfield>
		<subfield code="s">
			cornell_aco000486
		</subfield>
		<subfield code="e">
			(ERROR-SERIES)
		</subfield>
		<subfield code="s">
			cornell_aco000486
		</subfield>
	</datafield>
</record>
